@TechReport{petsc-user-ref,
            author = {Satish Balay and Shrirang Abhyankar and
                  Mark~F. Adams and Jed Brown and Peter Brune and Kris
                  Buschelman and Lisandro Dalcin and Victor Eijkhout
                  and William~D. Gropp and Dinesh Kaushik and
                  Matthew~G. Knepley and Lois Curfman McInnes and Karl
                  Rupp and Barry~F. Smith and Stefano Zampini and Hong
                  Zhang},
            title = {{PETS}c Users Manual},
            institution = {Argonne National Laboratory},
            year = 2015,
            number = {ANL-95/11 - Revision 3.6},
            url = {http://www.mcs.anl.gov/petsc}
          }


@TechReport{petsc-dev,
            author = {{The PETSc Team}},
            title = {{PETS}c Developers Manual},
            institution = {Argonne National Laboratory},
            year = 2015,
            url = {http://www.mcs.anl.gov/petsc}
          }


@TechReport{doctext,
            author = {William Gropp},
            title = {Users Manual for doctext: Producing Documentation from Source Code},
            institution = {Argonne National Laboratory},
            number = {ANL/MCS-TM-206-Rev 3},
            url = {http://wgropp.cs.illinois.edu/projects/software/sowing/doctext.pdf}
          }
